<?xml version="1.0" encoding="UTF-8"?><collection xmlns="http://www.loc.gov/MARC21/slim"><record><leader>00417nam--2200133-i-4500</leader><controlfield tag="001">000046123</controlfield><controlfield tag="002">20161230</controlfield><controlfield tag="005">20161230201045</controlfield><controlfield tag="008">060222s1000------------r-----000-0-eng-d</controlfield><datafield ind1=" " ind2=" " tag="080"><subfield code="a">620.139.5(043)</subfield></datafield><datafield ind1=" " ind2=" " tag="100"><subfield code="a">Vasile,Anton</subfield></datafield><datafield ind1=" " ind2=" " tag="245"><subfield code="a">Optimizarea spatiala si temporala a reactorilor nucleari cu ajutorul principiului de maxim al lui pontriaghin. teza</subfield></datafield><datafield ind1=" " ind2=" " tag="260"><subfield code="a">Bucuresti, Ifin,1979. 171 P. + 12 Fig</subfield></datafield><datafield ind1=" " ind2=" " tag="852"><subfield code="a">46587</subfield></datafield></record></collection>